@book{1,
  author    = {洪捷}, 
  title     = {演算法—名校攻略秘笈},
  publisher = {鼎茂圖書出版股份有限公司},
  year      = 2017,
  edition   = 9,
  isbn      = {9789863454045}
}

@misc{2,
  author       = {wjungle@ptt},
  title        = {TKB筆記},
  year         = {2017},
  howpublished = "\url{https://drive.google.com/file/d/0B8-2o6L73Q2VVmNWQk9DY3hsUm8/view?usp=sharing}",
}
