@book{1,
  author    = {洪逸}, 
  title     = {作業系統金寶書（含系統程式）},
  publisher = {鼎茂圖書出版股份有限公司},
  year      = 2019,
  edition   = 4,
  isbn      = {9789863456407}
}

@misc{2,
  author       = {wjungle@ptt},
  title        = {TKB筆記},
  year         = {2017},
  howpublished = "\url{https://drive.google.com/file/d/0B8-2o6L73Q2VelFZaXpBVGx2aWM/view?usp=sharing}",
}
