@book{1,
  author    = {黃子嘉}, 
  title     = {線性代數及其應用（上）},
  publisher = {鼎茂圖書出版股份有限公司},
  year      = 2011,
  edition   = 4,
  isbn      = {9789863456445}
}

@book{2,
  author    = {黃子嘉}, 
  title     = {線性代數及其應用（下）},
  publisher = {鼎茂圖書出版股份有限公司},
  year      = 2011,
  edition   = 4,
  isbn      = {9789862265123}
}

@book{3,
  author    = {黃子嘉}, 
  title     = {線性代數分類題庫},
  publisher = {鼎茂圖書出版股份有限公司},
  year      = 2011,
  edition   = 4,
  isbn      = {9789862265192}
}

@misc{4,
  author       = {wjungle@ptt},
  title        = {TKB筆記},
  year         = {2017},
  howpublished = "\url{https://drive.google.com/file/d/0B8-2o6L73Q2VaGtrdW9RVTYtM3c/view?usp=sharing}",
}
