@book{1,
  author    = {張凡}, 
  title     = {計算機組織與結構重點直擊（上）},
  publisher = {鼎茂圖書出版股份有限公司},
  year      = 2019,
  edition   = 3,
  isbn      = {9789863456940}
}

@book{2,
  author    = {張凡}, 
  title     = {計算機組織與結構重點直擊（下）},
  publisher = {鼎茂圖書出版股份有限公司},
  year      = 2019,
  edition   = 3,
  isbn      = {9789863456957}
}

@misc{3,
  author       = {wjungle@ptt},
  title        = {TKB筆記},
  year         = {2017},
  howpublished = "\url{https://drive.google.com/file/d/0B8-2o6L73Q2VUkpEMWVLb1pRZE0/view?usp=sharing}",
}
