@misc{1,
  author       = {wjungle@ptt},
  title        = {TKB筆記},
  year         = {2017},
  howpublished = "\url{https://drive.google.com/file/d/0B8-2o6L73Q2VeFpGejlYRk1WeFk/view?usp=sharing}",
}
