@book{1,
  author    = {黃子嘉}, 
  title     = {離散數學（上）},
  publisher = {鼎茂圖書出版股份有限公司},
  year      = 2010,
  edition   = 5,
  isbn      = {9789862263211}
}

@book{2,
  author    = {黃子嘉}, 
  title     = {離散數學（下）},
  publisher = {鼎茂圖書出版股份有限公司},
  year      = 2010,
  edition   = 5,
  isbn      = {9789862263457}
}

@book{3,
  author    = {黃子嘉}, 
  title     = {離散數學（習題詳解）},
  publisher = {鼎茂圖書出版股份有限公司},
  year      = 2019,
  edition   = 6,
  isbn      = {9789863455899}
}

@misc{4,
  author       = {wjungle@ptt},
  title        = {離散數學@TKB筆記},
  year         = {2017},
  howpublished = "\url{https://drive.google.com/file/d/0B8-2o6L73Q2VVXFqS3liaXpjLTQ/view?usp=sharing}",
}
